<?xml version="1.0" encoding="UTF-8"?><collection xmlns="http://www.loc.gov/MARC21/slim"><record><leader>00565nam--2200181-i-4500</leader><controlfield tag="001">000046525</controlfield><controlfield tag="002">20161230</controlfield><controlfield tag="005">20161230201046</controlfield><controlfield tag="008">060222s1000------------r-----000-0-fre-d</controlfield><datafield ind1=" " ind2=" " tag="040"><subfield code="a">IFIN-HH</subfield></datafield><datafield ind1=" " ind2=" " tag="041"><subfield code="a">fre</subfield></datafield><datafield ind1=" " ind2=" " tag="080"><subfield code="a">539.172.13(043)</subfield></datafield><datafield ind1="1" ind2=" " tag="100"><subfield code="a">Uzureau, Jose</subfield></datafield><datafield ind1="1" ind2="0" tag="245"><subfield code="a">Etude de la reaction (d,n) sur certains noyaux de la zone intermediaire de la couche s-d. structure des noyaux 27al, 30p, 31p et 32s</subfield><subfield code="b">These</subfield><subfield code="c">Jose uzureau</subfield></datafield><datafield ind1=" " ind2=" " tag="260"><subfield code="a">Nantes</subfield><subfield code="b">Universite De Nantes</subfield><subfield code="c">1975</subfield></datafield><datafield ind1=" " ind2=" " tag="300"><subfield code="a">138P</subfield></datafield><datafield ind1=" " ind2=" " tag="852"><subfield code="a">46313</subfield><subfield code="c">539.17</subfield></datafield><datafield ind1=" " ind2=" " tag="CAT"><subfield code="a">Sys</subfield><subfield code="c">20120618</subfield><subfield code="h">132949</subfield></datafield></record></collection>